<?xml version="1.0" encoding="UTF-8"?><collection xmlns="http://www.loc.gov/MARC21/slim"><record><leader>00466nam--2200169-i-4500</leader><controlfield tag="001">000042659</controlfield><controlfield tag="002">20161230</controlfield><controlfield tag="005">20161230201043</controlfield><controlfield tag="008">060222s1000------------r-----000-0-eng-d</controlfield><datafield ind1=" " ind2=" " tag="040"><subfield code="a">IFIN-HH</subfield></datafield><datafield ind1=" " ind2=" " tag="080"><subfield code="a">539.2</subfield></datafield><datafield ind1="1" ind2=" " tag="100"><subfield code="a">Stanley, James K</subfield></datafield><datafield ind1="1" ind2="0" tag="245"><subfield code="a">Electrical and magnetic properties of metals</subfield><subfield code="c">James k. stanley</subfield></datafield><datafield ind1=" " ind2=" " tag="260"><subfield code="a">Columbus-ohio</subfield><subfield code="b">American Society For Metals</subfield><subfield code="c">1963</subfield></datafield><datafield ind1=" " ind2=" " tag="300"><subfield code="a">IX + 374 P</subfield></datafield><datafield ind1=" " ind2=" " tag="852"><subfield code="a">19808</subfield><subfield code="c">539.2</subfield></datafield><datafield ind1=" " ind2=" " tag="CAT"><subfield code="a">Sys</subfield><subfield code="c">20121011</subfield><subfield code="h">104522</subfield></datafield></record></collection>